

@InProceedings{EliGueLacLucNesPicVie10,
  author       = {\'{E}lie, Fran\c{c}ois and Guerry, Bastien and Lacroix, Dominique and Lucaud, Philippe and Nestel, Charlie and Picard-Limpens, C\'ecile  and Vieville, Thierry},
  title        = {Est-il besoin de savoir programmer pour comprendre les fondements de l'informatique ou utiliser les logiciels ?},
  booktitle    = {Revue de l'EPI (Enseignement Public et Informatique)},
  month        = {dec},
  year         = {2010},
  url          = {http://www.epi.asso.fr/revue/articles/a1012b.htm}
}
